2105 3060
687 202 807 272 ΦΒ
881 206 989 272 )0(
1061 202 1183 271 ΕΦ
1628 225 1697 301 39

231 316 377 389 quit,
417 324 478 370 ut
496 328 611 370 non
636 325 842 369 tantum
870 310 1044 368 omnis
1076 326 1195 366 caro
1236 309 1598 381 superterram
1621 309 1702 368 re-

226 406 398 464 ptans,
422 389 641 445 volatilis
675 388 871 453 scilicet,
899 385 1146 458 jumenti,
1174 381 1381 446 bestiae,
1417 385 1608 458 reptilis
1645 390 1699 442 δε

227 464 474 536 quicquid
499 464 553 517 in
572 466 701 517 sicco
727 475 863 527 erat,
888 461 1028 532 juxta
1044 459 1182 519 Gen,
1199 459 1319 512 Vll.
1365 475 1449 519 2².
1500 460 1585 515 sed
1608 463 1698 533 ipsi

225 541 379 592 etiam
402 537 588 607 pisces,
617 539 670 591 &
710 548 1160 608 quorumcunque
1185 531 1300 586 alias
1335 533 1388 587 in
1415 534 1560 603 aquis
1589 540 1694 592 vita

225 615 316 677 est,
342 610 481 666 illam
507 611 720 681 experiri
745 608 1011 663 necessum
1040 603 1335 665 habuerint,
1412 608 1487 661 Ut
1523 609 1696 680 itaque

221 687 395 741 mirari
421 683 565 739 haud
588 684 744 739 semel
765 682 980 740 subierit,
1002 697 1126 736 cum
1157 680 1209 734 in
1245 678 1540 755 CLLangio
1556 682 1698 757 lege.

223 778 355 818 rem,
377 759 524 830 quod
551 761 804 824 universa,
834 774 958 829 quae
989 756 1042 811 in
1066 756 1212 826 aquis
1250 756 1429 811 vivere
1465 758 1694 829 possunt,

221 833 401 890 diluvii
417 833 566 907 plaga
590 850 705 890 non
730 835 982 905 tetigerit,
1018 841 1204 902 utpote
1227 846 1340 901 quae
1358 843 1562 888 terrena
1585 848 1695 890 tan-

220 921 340 966 tum
353 909 761 969 mortificaverit,
774 909 892 964 ideo
905 906 1024 982 quia
1039 908 1186 960 Dflus
1203 917 1345 960 terrae
1359 919 1568 964 tantum
1581 927 1693 964 ma.

216 983 526 1040 ledixerat&
541 984 743 1039 cunctis
766 978 1183 1038 animantibusin
1210 997 1268 1035 ea
1294 980 1623 1055 degentibus,
1638 984 1693 1039 in

219 1055 416 1130 quibus
433 1059 743 1132 spiraculum
768 1059 892 1112 vitae
922 1069 1062 1116 erat3
1097 1072 1256 1126 quam
1283 1058 1589 1128 opinionem
1602 1075 1691 1113 au-

220 1133 455 1188 &oritate
471 1135 591 1187 Divi
619 1133 888 1204 Augustini
915 1128 1246 1186 stabilitumit
1261 1132 1352 1184 Vir
1366 1131 1433 1185 Cl
1465 1132 1517 1185 in
1537 1131 1691 1205 Orig.

220 1208 346 1278 Lap.
377 1207 465 1281 fig.
478 1227 528 1281 p.
544 1214 630 1265 28.
666 1206 815 1280 Qid
829 1206 982 1265 enim,
999 1217 1059 1259 ut
1078 1200 1374 1275 pauciffima
1398 1205 1569 1261 saltem
1590 1224 1689 1278 pro

221 1283 487 1337 universali
512 1283 608 1338 hac
621 1283 766 1355 plaga
785 1281 1012 1337 afferam,
1034 1278 1157 1349 quid
1184 1278 1247 1333 de
1274 1278 1516 1335 fludibus
1533 1282 1688 1337 maris

221 1371 285 1408 ex
306 1356 411 1426 ipso
437 1356 604 1410 fundo
630 1352 793 1426 abyffi
826 1357 1034 1409 summo
1068 1353 1266 1423 impetu
1303 1353 1685 1424 profilientibus

217 1430 312 1482 erit
325 1427 640 1484 dicendum?
676 1444 859 1483 nonne
877 1429 982 1483 satis
999 1424 1116 1479 haec
1139 1425 1286 1481 fuere
1311 1427 1372 1480 ad
1390 1429 1688 1498 patiendam

214 1503 268 1557 in
290 1504 532 1559 universo
556 1519 757 1558 oceano
777 1500 1147 1557 omnimodam
1161 1501 1529 1557 confusionem
1543 1501 1567 1561 ?
1581 1518 1688 1578 qua

218 1579 319 1651 ipsa
333 1579 488 1651 pisces
510 1579 564 1632 in
579 1577 848 1650 profundo
876 1576 1029 1634 maris
1044 1574 1393 1632 delitescentes
1419 1578 1472 1632 in
1485 1589 1684 1636 tantam

215 1654 398 1708 elevati
419 1654 566 1708 fuere
595 1652 917 1708 altitudinem
936 1693 953 1719 ‚
993 1663 1209 1722 tamque
1235 1651 1420 1722 procul
1443 1671 1470 1707 a
1497 1651 1685 1709 dome·

213 1728 329 1782 stica
355 1729 439 1784 sua
472 1729 685 1783 statione
721 1727 946 1799 depulsi,
975 1738 1034 1780 ut
1058 1723 1432 1782 subsidentibus
1469 1741 1685 1799 repente

213 1803 361 1873 aquis
397 1819 512 1858 non
548 1803 652 1875 jam
680 1803 781 1859 illis
816 1803 1039 1873 amplius
1070 1798 1152 1853 illa
1177 1799 1273 1871 ipsa
1297 1802 1479 1856 oceani
1504 1805 1682 1876 regio,

208 1877 296 1932 sed
321 1879 493 1933 areola
512 1891 656 1933 terrae
671 1896 767 1951 pro
791 1878 884 1930 situ
909 1876 999 1929 suo
1022 1874 1178 1928 fuerit
1191 1874 1464 1950 adsignata,
1486 1893 1541 1931 ac
1557 1883 1681 1950 pro-

208 1951 351 2018 inde,
380 1954 453 2006 uti
475 1966 680 2008 terrena
700 1966 792 2024 per
825 1950 1155 2005 elementum
1183 1966 1356 2020 aquae,
1381 1951 1445 2006 ita
1473 1965 1681 2008 contra·

211 2029 290 2080 rio
317 2028 472 2099 plane
501 2027 672 2084 modo
695 2023 926 2097 aquatilia
951 2042 1043 2098 per
1060 2024 1387 2081 elementum
1412 2038 1556 2081 terrae
1580 2027 1678 2082 suf-

210 2101 379 2158 focata
409 2102 604 2158 fuerint
640 2115 796 2173 atque
828 2102 1034 2172 punita,
1062 2098 1196 2166 licet,
1221 2097 1419 2155 horum
1443 2114 1677 2162 mortem

205 2193 321 2230 non
343 2193 501 2251 aeque
534 2176 878 2234 universalem
902 2175 1047 2229 fuisse
1063 2191 1120 2230 ac
1151 2187 1505 2237 terrenorum,
1532 2178 1673 2235 ultro

206 2251 501 2325 largiamur.

358 2326 460 2381 Sed
481 2343 702 2384 manum
741 2342 886 2384 nunc
913 2325 977 2380 de
1002 2319 1214 2379 Tabula.
1303 2321 1468 2377 Pauca
1490 2321 1673 2389 habes,

199 2402 259 2462 L.
280 2402 338 2456 B·
363 2419 486 2474 quae
512 2420 575 2457 ex
600 2403 872 2459 occasione
894 2398 1099 2455 inventi
1122 2396 1283 2452 nostri
1310 2394 1544 2455 rariffimi
1571 2403 1674 2455 Te„

199 2493 324 2532 cum
355 2479 779 2544 communicare,
822 2480 1070 2548 Tuasque
1101 2471 1446 2544 cogitationes
1472 2486 1671 2531 tentare

199 2567 314 2608 non
331 2551 715 2624 supervacuum
733 2552 847 2608 fore
859 2551 1124 2607 duximus,
1197 2546 1498 2618 Supersunt,
1518 2550 1667 2621 quod

198 2626 340 2685 facile
352 2628 700 2701 agnoscimus,
713 2627 1020 2701 quaestiones
1034 2637 1147 2680 non
1164 2637 1348 2696 paucae
1362 2664 1380 2694 ‚
1406 2641 1536 2696 qux,
1548 2626 1667 2756 qu?

1590 2718 1617 2756 a
