2105 3060
389 214 468 267 40
897 191 1024 260 «⁸3
1094 192 1190 264 20(
1267 192 1387 262 S&

392 301 457 360 ad
481 298 786 376 praesentem
815 300 1117 372 argumenti
1139 300 1302 354 nostri
1323 299 1725 359 elucidationem
1754 301 1870 377 plu-

395 380 594 436 rimum
618 376 786 432 facere
807 374 1083 436 videntur,
1122 376 1264 448 tangi
1280 394 1308 430 a
1328 376 1482 433 nobis
1501 390 1657 449 atque
1679 379 1733 433 in
1754 389 1874 431 me·

401 451 550 509 dium
585 450 804 525 proferri
837 447 1055 522 quidem
1080 452 1382 521 potuissent,
1420 469 1449 506 a
1484 452 1679 526 quibus
1705 465 1871 516 vero,

399 545 527 584 cum
550 528 600 583 id
619 542 795 599 neque
819 524 956 597 scopi
979 525 1161 585 nostri,
1199 541 1377 598 neque
1400 524 1639 584 laborum
1663 528 1788 582 ratio
1805 529 1874 579 ita

399 606 530 661 ferat
548 645 566 670 ,
617 603 803 676 sponte
837 597 1087 656 abstinere
1118 612 1397 674 totamque
1434 619 1547 659 rem
1593 601 1770 657 saltem
1818 605 1874 653 in

397 677 718 750 compendio
742 677 907 731 ststere
942 673 1228 729 maluimus
1331 680 1520 750 Neque
1534 678 1870 750 ignoramus,

396 756 464 811 de
487 754 661 807 nostra
684 750 837 808 etiam
861 748 1142 805 domestica
1164 748 1394 821 lapidum
1419 753 1767 825 figuratorum
1793 748 1876 804 sus

403 825 677 905 pelle&i1e‚
699 843 814 896 quae
841 824 994 880 velin
1015 824 1202 879 Ducali
1231 825 1596 882 cimeliarchio
1617 825 1733 880 heic
1756 825 1879 890 loci,

403 904 492 961 vel
513 904 567 958 in
600 903 925 974 privatorum
963 897 1302 973 quorundam
1339 902 1534 957 Museis
1569 900 1878 964 asservatur,

402 993 484 1037 tot
495 995 551 1034 ac
564 990 704 1033 tanta
717 978 860 1048 poffe
876 973 1068 1032 narrari
1079 1013 1095 1036 ,
1129 986 1208 1041 ut,
1221 975 1370 1045 quod
1386 977 1514 1031 olim
1531 973 1883 1048 Myliu3‚Hel·

405 1055 617 1127 vvigius
640 1055 692 1107 ὃ(
717 1050 1095 1107 Volkmannus
1118 1050 1184 1104 de
1201 1049 1285 1104 sua
1299 1051 1514 1122 quisque
1540 1050 1779 1105 fecerunt
1793 1066 1880 1121 pa·

405 1132 522 1194 tria,
538 1129 680 1182 idem
707 1127 862 1181 etiam
885 1124 951 1178 de
986 1126 1161 1177 nostra
1201 1123 1418 1180 scribere
1442 1128 1494 1180 ὅ(
1527 1127 1795 1196 integrum
1818 1121 1886 1177 de

405 1200 1120 1275 Wrtembergiastcbterranea
1145 1197 1409 1255 volumen
1457 1200 1704 1272 colligere
1725 1239 1741 1264 ,
1769 1213 1886 1269 per·

409 1297 573 1354 quarn
597 1278 718 1332 effet
736 1275 902 1334 facile.
981 1274 1027 1328 C
1035 1289 1131 1327 urn
1158 1285 1337 1329 autem
1358 1270 1638 1330 restiffirne
1660 1288 1890 1328 monue-

409 1359 512 1411 rint
542 1351 801 1409 A&orum
835 1347 1177 1404 hruditorum
1203 1348 1565 1415 (ἰοὶίεᾶοτεε,
1596 1347 1683 1402 ΕΙ.
1720 1344 1890 1401 Volk-

414 1443 679 1486 mannum
703 1424 769 1479 de
797 1424 882 1478 sua
916 1422 1082 1477 Silefia
1115 1437 1230 1476 non
1270 1424 1448 1478 minus
1483 1422 1671 1477 mereri
1713 1418 1884 1480 bene,

412 1521 576 1577 quam
597 1500 744 1566 alios,
771 1500 860 1570 qui
889 1496 996 1551 suae
1021 1495 1191 1550 Patriae
1222 1497 1437 1553 ssmilem
1467 1497 1816 1570 praestiterunt
1830 1509 1893 1548 o·

413 1595 596 1654 peram
615 1618 631 1642 ,
666 1573 793 1630 illud
815 1585 993 1629 autem
1017 1570 1317 1627 verendum
1338 1573 1463 1636 esse,
1497 1589 1567 1626 ne
1595 1610 1609 1632 ,
1643 1571 1677 1624 s1
1704 1570 1780 1625 alii
1804 1583 1895 1622 ea·

416 1656 543 1710 dem
569 1649 808 1707 industria
834 1660 1084 1721 pergant,
1120 1645 1296 1718 saepius
1321 1646 1452 1702 clieta
1468 1658 1754 1705 recurrant,
1778 1642 1891 1699 Αᾶ.

428 1744 591 1798 1721.
611 1745 664 1799 p,
696 1732 782 1786 88.
814 1724 967 1778 etiam
1005 1720 1088 1776 hic
1120 1722 1379 1778 terminos
1411 1717 1698 1793 ponendos
1733 1717 1894 1774 nobis

418 1805 520 1860 esse
543 1802 808 1860 duximus,
833 1796 899 1852 de
925 1812 991 1850 eo
1017 1796 1359 1852 solummodo
1385 1794 1589 1856 solliciti,
1618 1809 1687 1849 ne
1712 1793 1896 1848 Cirne-

421 1881 558 1936 lium
579 1878 818 1933 nostrum
843 1874 948 1927 fine
975 1871 1079 1926 ulla
1100 1870 1397 1944 praefatione
1418 1870 1506 1924 vel
1545 1865 1896 1926 commenda-

423 1957 570 2013 tione
595 1953 649 2008 in
669 1948 1014 2023 conspe3um
1038 1947 1379 2004 Eruditorum
1402 1943 1650 2019 prodiret.

577 2090 688 2158 Tu
728 2095 1038 2158 interim,
1073 2090 1140 2156 L.
1169 2089 1240 2157 B.
1289 2085 1626 2167 laboribus
1661 2084 1898 2154 nostris

428 2182 577 2253 fave
592 2222 611 2249 ⁹
660 2179 721 2246 ἃ
739 2217 758 2244 9
794 2174 854 2266 fi
861 2179 1091 2244 meliora
1117 2181 1206 2246 his
1224 2181 1405 2244 dicere
1422 2175 1578 2268 nosti,

587 2268 869 2341 Candidus
882 2269 1119 2355 imperti,
1122 2266 1189 2359 st
1201 2293 1334 2336 non,
1360 2268 1449 2335 his
1475 2283 1633 2335 utere
1660 2273 1895 2332 mec'mn.

877 2420 1454 2516 &)0(8ffi
