2105 3060
393 196 462 267 38
875 193 1001 264 ⁴⁰5
1075 191 1202 266 20(
1274 194 1395 265 ἐϋ

393 302 623 368 ηεωε,
661 287 751 360 &4
778 293 966 383 quod
990 294 1209 384 largiri
1246 295 1474 366 forsan
1497 297 1862 387 postumuS,

392 382 596 465 justos
623 381 868 451 limites
884 387 1292 462 transilierit,
1343 403 1490 456 tam
1516 409 1744 456 acrem
1760 405 1864 458 ta-

394 492 558 538 men
574 472 637 539 &
652 470 1034 544 durioribus
1052 491 1462 564 conceptam
1479 477 1690 545 verbis
1705 501 1863 547 cen·

392 559 615 627 suram
643 560 1175 654 haudquaquam
1203 564 1509 634 meruisse
1546 567 1740 635 nobis
1768 575 1862 636 vi.

393 648 612 718 detur.
706 652 925 720 Certe,
955 662 1071 744 qui
1092 662 1427 745 integram
1458 656 1597 744 ejus
1627 656 1861 728 Theo-

392 745 568 806 riam
593 754 867 810 attento
900 758 1103 833 atque
1130 744 1360 811 sedato
1386 752 1624 812 animo
1652 748 1858 831 perle-

391 834 564 917 gerit
580 868 599 895 ‚
630 851 776 898 non
803 830 1035 902 subtile
1049 847 1351 900 tantum,
1368 832 1472 899 sed
1491 834 1553 901 &
1573 850 1728 921 apte
1742 858 1857 903 co-

395 918 658 986 haerens
681 918 925 1009 fibique
959 925 1270 991 constans
1310 923 1588 1010 systema
1625 924 1713 990 ibi
1742 925 1859 991 de-

393 1006 794 1096 prehendet,
820 1013 884 1078 &
915 1011 1228 1103 pleraque
1244 1018 1503 1078 omnia,
1528 1035 1678 1100 quae
1693 1037 1859 1082 con-

392 1109 502 1180 tra
527 1095 694 1164 illud·
713 1099 815 1164 vel
845 1101 1151 1168 formari,
1176 1099 1278 1169 vel
1308 1100 1583 1167 suboriri
1619 1103 1858 1187 sponte

390 1183 685 1272 poffunt,
720 1186 921 1254 dubia
948 1210 1030 1255 ex
1052 1191 1188 1280 ipso
1214 1189 1560 1276 systemate
1583 1189 1743 1258 solvi
1756 1206 1857 1258 at-

390 1294 521 1364 que
547 1275 859 1364 explicari
876 1275 1054 1367 poffe
1070 1279 1403 1365 agnoscet.
1489 1278 1856 1348 Caeterum‚

390 1369 506 1450 qui
542 1372 835 1450 primam
875 1369 938 1433 &
975 1366 1557 1435 antediiuvianam
1600 1368 1853 1436 telluris

388 1453 635 1520 faciem
672 1453 1162 1540 pulcherrimo,
1195 1453 1743 1545 splendidiffinm,
1781 1477 1855 1524 a·

390 1541 805 1610 moeniffimo
833 1544 1395 1633 ornatissimoque
1433 1543 1670 1612 habitu
1697 1566 1732 1611 e
1757 1543 1853 1613 sa·

387 1630 777 1720 pientiffimi
811 1633 1150 1702 Creatoris
1200 1630 1509 1702 manibus
1547 1633 1853 1720 prodiisse

388 1721 651 1789 statuit,
686 1722 855 1789 nihil
892 1723 1153 1811 prorsus
1178 1724 1342 1791 dicit
1365 1770 1381 1799 ‚
1431 1741 1640 1810 quam
1665 1723 1854 1812 quod

387 1814 459 1884 in
483 1824 810 1878 aeternam
840 1810 1283 1901 potentiffimi
1307 1811 1508 1895 hujus
1529 1818 1854 1880 omnium

389 1920 618 1967 rerum
651 1901 970 1968 Aufi’coris
1008 1901 1281 1969 laudem
1321 1916 1526 1988 atque
1562 1900 1853 1987 gloriam

393 1996 917 2077 omnitempore
944 1990 1295 2078 praedicare
1316 1990 1414 2058 fas
1439 1989 1544 2055 est.
1679 1989 1790 2058 Uti
1817 1989 1853 2058 e

389 2085 739 2146 contrario
755 2079 1031 2146 telluris,
1060 2081 1275 2169 qualis
1298 2100 1484 2149 nunc
1500 2079 1607 2145 est,
1636 2078 1852 2148 infor-

386 2172 517 2234 mis
543 2166 789 2236 scilicet
827 2167 1025 2250 hujus
1059 2167 1288 2257 quoad
1319 2174 1664 2257 potiorem
1701 2189 1862 2257 par-¹

385 2268 529 2325 tem
556 2269 758 2345 atque
786 2256 1099 2325 horridae,
1123 2259 1253 2324 fine
1277 2256 1625 2341 omnilege
1645 2270 1850 2345 atque

388 2344 626 2425 ordine
652 2344 969 2434 dispositae
995 2346 1440 2416 confideratio
1468 2398 1484 2423 ‚
1534 2345 1597 2411 δε
1621 2345 1722 2412 vel
1749 2348 1850 2417 so-

385 2432 488 2505 lus
524 2434 949 2503 omnimodae
984 2434 1183 2519 hujus
1224 2436 1633 2506 confusionis
1672 2436 1848 2524 aspe-

388 2523 533 2590 &us
556 2523 752 2591 serius
774 2545 996 2614 praeco
1021 2522 1145 2592 effe
1170 2527 1384 2612 potest
1406 2524 1657 2593 ultricis
1693 2524 1847 2596 DEI

384 2614 674 2699 justitiae,
722 2635 871 2702 quae
912 2613 1084 2686 adeo
1122 2613 1289 2685 nihil
1329 2613 1665 2688 inta&um
1702 2615 1850 2684 reli-

1682 2713 1850 2793 quit,
