2105 3060
693 206 816 276 «ος
886 205 996 274 ·)ο(
1068 203 1188 272 80-
1595 213 1660 279 1'5

325 307 469 372 Haec
494 306 862 370 meletemata,
886 304 1152 390 quamvis
1184 324 1297 368 non
1328 306 1481 371 omni
1492 326 1658 395 pror-

181 394 678 488 susfuna'ainento
703 414 891 456 carere
919 393 1054 458 mibi
1074 393 1399 460 videantur,
1429 411 1543 460 tam
1561 419 1664 461 ex-

188 491 408 575 plorata
430 501 615 547 tamen
628 479 901 568 nonfimt,
947 498 1011 544 ut
1022 482 1104 543 eis
1113 484 1475 565 pertinaciter
1484 488 1664 551 adha-

198 598 323 641 rere
337 577 394 637 in
404 574 588 637 animo
605 569 848 644 habeam,
871 571 1018 633 ultro
1024 572 1212 656 potius
1224 572 1477 637 omnibus
1491 575 1561 637 iis
1571 598 1661 638 re-

198 665 556 730 nuntiaturus
568 682 679 749 quae
689 663 752 724 V
759 655 1667 751 iroruinprastantifiiizorunififf-

186 751 400 842 fragiis
426 773 538 816 non
570 764 854 815 merentur
872 745 1169 838 suffulciri.
1294 754 1665 848 Qapropter

200 843 334 909 nihil
351 843 409 905 in
423 841 585 906 votis
607 839 788 926 magis
809 837 997 913 habeo,
1035 859 1198 925 quam
1219 854 1284 902 ut
1304 844 1501 918 Quam,
1517 844 1667 910 VIR

199 925 780 1018 Excellentissime,cal
783 929 964 991 culum
976 930 1288 1014 conjeffuris
1304 933 1444 996 meis
1455 933 1555 995 vel
1565 933 1670 995 ad·

198 1023 363 1110 jicias
396 1059 416 1087 ,
462 1020 889 1104 ulterioremque
917 1018 1372 1104 explicationem,
1386 1017 1667 1112 siquidem

201 1133 317 1176 non
340 1110 675 1181 erraverim,
688 1104 957 1193 affundas‚
974 1108 1075 1170 vel
1083 1130 1172 1169 7ne
1172 1127 1279 1193 pro
1291 1130 1372 1181 ea,
1385 1130 1489 1196 qua
1489 1113 1668 1196 polles

203 1200 263 1265 in
276 1197 442 1265 rebus
456 1196 817 1262 naturalibus,
821 1192 1158 1282 perspicacia,
1159 1193 1227 1285 fi
1234 1198 1491 1263 credulus
1502 1199 1672 1264 nimis

195 1284 399 1378 suem,
444 1285 511 1349 ab
544 1308 736 1351 errore
768 1306 893 1348 meo
921 1283 1140 1352 liberes.
1516 1328 1519 1332 -

352 1371 557 1439 Hane
575 1378 794 1438 menti
820 1393 988 1436 meae
1016 1386 1168 1438 tum
1210 1373 1500 1441 insedisse
1525 1375 1671 1443 sen-

206 1470 518 1537 tentiam,
531 1460 633 1527 vel
648 1464 1046 1550 opinionem
1063 1469 1525 1552 potius,quam
1539 1471 1671 1554 pri-

208 1574 409 1619 murn
435 1572 697 1619 novum
729 1545 1067 1636 hospitem
1105 1557 1475 1622 intentiore
1502 1575 1672 1623 con-

208 1639 586 1728 templabar
614 1638 840 1708 oculo,
874 1643 1084 1727 probe
1116 1640 1513 1711 adhucdum
1528 1665 1673 1711 me-

208 1736 398 1807 mini,
423 1729 786 1816 &ingenue
825 1726 1100 1798 afferere
1128 1731 1370 1800 audeo.
1434 1734 1673 1827 Quam

210 1840 419 1909 prope
473 1824 829 1886 veritatem
878 1825 1258 1908 attigerim,
1284 1834 1405 1889 aut
1433 1821 1673 1909 quibus

210 1909 494 1977 tandem
536 1913 951 1994 argumentis
1000 1916 1199 1977 nixus
1231 1911 1673 1981 universalem

215 2021 340 2086 pro
366 1997 496 2067 hac
527 2001 848 2084 opinione
873 1997 1198 2067 assensum
1213 2000 1314 2066 vel
1345 2000 1677 2088 adproba-

215 2094 483 2161 tionem
508 2084 761 2174 sperare
786 2083 1074 2155 audeam
1099 2129 1119 2155 ,
1159 2088 1228 2157 id
1254 2090 1318 2158 ὃς
1345 2091 1517 2158 infra
1542 2090 1674 2179 ple-

218 2182 370 2244 nius
397 2190 809 2264 exponetur,
842 2174 1002 2244 &ex
1041 2178 1452 2265 responsoria
1491 2180 1677 2247 Cele-

219 2264 493 2338 berrimi
574 2260 661 2330 D:
719 2264 1092 2334 Scheuchzeri
1140 2268 1407 2356 epistola
1449 2270 1678 2357 aliquo

221 2355 437 2424 modo
452 2353 848 2443 dispalescet.
917 2353 1044 2425 Ubi
1058 2358 1211 2426 sane
1231 2357 1427 2424 fateri
1453 2381 1684 2446 cogor,

221 2443 404 2513 idem
437 2446 606 2515 mihi
635 2441 958 2513 accidisse,
985 2446 1171 2538 quod
1191 2453 1436 2514 viatori
1465 2453 1679 2517 inter-

223 2532 389 2603 dum
427 2534 624 2605 solet,
675 2540 792 2621 qui
816 2533 1316 2605 subdiluculum
1343 2545 1687 2624 certaqui-

227 2623 384 2696 dem
422 2631 562 2706 via,
607 2623 716 2696 led
739 2630 1002 2698 incerto
1029 2641 1266 2697 tamen
1295 2642 1503 2721 atque
1537 2627 1688 2785 [Ξῦ-

1615 2741 1688 2790 u-
