2105 3060
749 168 1254 242 ¹⁰5>0cun
1633 183 1666 234 7

200 276 611 349 Stimulabat
645 270 784 340 hoc
817 269 1277 338 curiositatem
1307 290 1559 351 meam,
1589 288 1668 345 ut

202 371 271 439 &
302 372 600 437 curatius
630 381 777 428 rem
803 359 1202 447 penfitarem
1223 407 1240 433 ‚
1276 358 1344 428 δε
1373 363 1668 451 peculia..

200 479 353 539 rem·
389 452 866 523 colleffionem
913 467 1071 515 mea
1103 445 1340 532 sponte
1372 463 1530 519 turn
1566 459 1668 521 in·

198 549 691 615 stituerem‚nee
707 550 860 604 tum
885 533 1165 624 quidem
1185 536 1431 606 multa,
1451 540 1562 609 sed
1597 562 1670 609 a·

199 636 380 721 liqua
403 648 644 700 tamen
681 631 955 694 rarioris
989 637 1177 692 notae
1209 623 1573 712 specimina
1602 632 1670 700 &

199 720 610 811 exemplaria
636 722 818 784 intra
845 713 1171 800 septennii
1192 711 1393 798 hujus
1433 714 1671 789 decur-

197 814 347 882 sum
368 804 521 880 heic
536 807 672 876 loci
697 801 1108 890 colligerem,
1132 825 1430 890 quorum
1445 810 1517 874 in
1541 829 1670 878 nu-

199 924 397 972 mero
417 900 505 967 est
528 893 861 987 peculiare
884 887 1238 981 quoddam
1262 911 1481 965 cornu
1497 896 1671 967 Am-

197 993 461 1066 moniS‚
496 986 684 1070 cujus
714 978 1006 1066 effigiem
1030 979 1166 1048 alio
1193 993 1508 1072 tempore
1546 984 1669 1064 Le-

198 1082 406 1152 &oris
432 1072 658 1163 cupidi
696 1070 911 1140 oculis
948 1069 1012 1137 &
1037 1069 1342 1138 ulteriori
1377 1073 1668 1145 medita-

197 1175 376 1238 tioni
400 1167 604 1233 fistere
636 1163 907 1228 animus
946 1154 1115 1224 mihi
1145 1159 1246 1225 est.
1328 1161 1668 1252 Qamvis

199 1272 436 1326 autem
461 1250 884 1342 subsequenti
918 1260 1230 1333 ternpore
1267 1252 1338 1315 in
1359 1249 1500 1320 hoe
1525 1254 1669 1341 ipso

197 1346 621 1414 collefflonis
635 1355 804 1404 meae
818 1334 1011 1401 cursu
1023 1335 1670 1421 aliquantulumim-

197 1431 463 1522 peditus
490 1426 662 1496 mihi
692 1420 985 1490 videbar,
1006 1427 1248 1512 quippe
1271 1429 1379 1493 cui
1397 1426 1486 1495 ad
1508 1428 1672 1498 obe-

199 1520 466 1590 undum
481 1515 788 1587 officium
805 1509 1430 1600 Superattendentis
1440 1516 1672 1586 Dioece-

178 1610 323 1701 fios
344 1600 767 1695 Wldbadensts
779 1615 1055 1677 vocato,
1082 1602 1452 1672 istiusmodi
1465 1629 1671 1677 mon.

200 1716 303 1769 tes
353 1697 463 1787 ipfi
510 1693 896 1786 perlustrare
932 1710 1081 1759 non
1115 1691 1406 1780 amplius
1443 1693 1668 1771 licuit,

198 1789 285 1857 ab
309 1790 543 1855 amicis
561 1797 830 1851 tamen,
870 1777 1111 1869 quibus
1144 1780 1210 1849 &
1236 1781 1436 1864 hujus
1458 1805 1670 1873 nego..

196 1884 277 1946 tii
303 1896 540 1945 curam
577 1870 926 1940 interdum
956 1865 1238 1944 tradidi,
1294 1870 1359 1937 ὅτ
1402 1870 1667 1945 sumtus

201 1966 287 2034 ad
305 1965 372 2033 id
384 1959 775 2033 necessarios
789 1957 1056 2027 exsolvi,
1069 1954 1434 2045 aliquando
1448 1959 1668 2037 subin-

203 2054 479 2124 defa&a
509 2051 637 2117 fuit
661 2047 963 2117 accesfiO.

349 2135 660 2207 Maxime
672 2133 834 2205 verb
848 2136 1338 2227 locupletatam
1354 2138 1499 2209 'vidi
1521 2141 1666 2233 sup-

201 2230 596 2322 pelleffilem
634 2246 860 2294 meam
900 2225 1233 2316 lapideam
1251 2233 1430 2296 intra
1466 2237 1666 2317 quin-

199 2325 484 2409 quennii
530 2317 760 2400 hujus,
785 2316 972 2404 quod
1003 2338 1120 2403 per
1156 2313 1308 2384 DEI
1369 2327 1666 2404 gratiam

200 2409 558 2499 Stzzttgardiae
586 2401 738 2476 heic
762 2404 964 2495 dego,
987 2406 1295 2495 spatium.
1390 2404 1667 2479 Etenim

201 2499 292 2567 ab
314 2503 555 2566 exteris
567 2501 779 2585 quam
810 2492 1112 2565 maxime
1132 2500 1313 2563 varia
1327 2495 1528 2581 hujus
1551 2518 1667 2585 ge-

207 2595 383 2659 neris
399 2605 686 2660 munera
712 2584 999 2658 nancisei
1011 2582 1182 2654 mihi
1194 2593 1505 2676 contigit,
1519 2593 1665 2743 qbui-

1592 2696 1668 2747 us
