2105 3060
686 215 808 284 ὠς
882 212 988 281 )0(
1061 207 1181 277 ΒΦ
1582 228 1648 284 23

191 316 400 389 Hunc
434 320 633 403 igitur
657 311 1017 380 incensum
1040 311 1316 374 veniant
1342 327 1584 379 omnes
1608 319 1655 379 ii

189 421 460 510 lapides,
487 421 602 505 qui
643 415 745 483 vel
789 400 895 483 sui
953 397 1267 515 generis
1311 394 1650 509 figuram

189 529 567 604 ostendunt,
592 528 695 594 vel
719 529 993 594 etiamafi
1018 512 1347 602 aliorum
1364 539 1653 628 Corpo-

187 660 356 717 rum
375 628 675 713 formas
692 628 1111 726 imitantur,
1130 625 1377 709 minus
1409 653 1649 709 tamen

183 743 534 862 perfe&e
571 756 638 826 id
676 757 1016 847 praestant,
1052 750 1160 819 sed
1202 766 1322 820 aut
1363 750 1548 820 mole
1583 753 1651 823 ὅτ

186 859 595 929 extenfione,
613 865 731 919 aut
745 855 928 919 notis
956 846 1491 916 chara&eristicis
1503 845 1650 915 aliis

187 947 543 1016 deficiunt,
562 951 658 1010 ita
682 954 759 1007 ut
785 959 831 1004 e·
856 935 1074 1004 rebus,
1099 943 1285 1023 queis
1301 949 1652 1024 utcunque

185 1035 662 1107 affimilantur‚
695 1042 927 1098 ortum
952 1025 1238 1093 traxisse,
1264 1023 1650 1093 nullatenus

183 1129 455 1216 probari
479 1134 703 1210 queat.
786 1115 982 1182 Patet
1006 1136 1166 1181 vero
1183 1135 1265 1179 ex
1287 1114 1411 1180 his,
1441 1120 1537 1183 ita
1552 1115 1649 1181 lo-

183 1221 300 1304 qui
318 1213 560 1280 Virum
589 1204 1094 1276 Doffiffimum,
1132 1216 1209 1270 ut
1234 1201 1412 1270 facili
1438 1208 1649 1270 inter-

186 1306 555 1393 pretationi
582 1299 773 1367 locus
792 1293 947 1360 esse,
979 1295 1378 1380 animusque
1411 1291 1649 1361 Lekko-

185 1414 341 1460 rum
366 1389 553 1456 nulla
568 1384 830 1475 prorsus
853 1386 1121 1447 ratione
1153 1378 1406 1447 offendi
1424 1380 1643 1466 poffit3

185 1503 349 1548 cum
376 1490 632 1550 contra,
655 1470 973 1562 quihane
998 1473 1306 1557 opinioni
1334 1467 1464 1535 suae
1501 1469 1641 1536 for-

184 1589 379 1636 mam
407 1565 736 1635 induunt,
782 1573 882 1627 ut,
900 1558 1028 1627 hos
1065 1556 1167 1626 vel
1204 1554 1356 1624 illos
1394 1556 1641 1644 lapides

187 1664 461 1726 incertae
477 1657 750 1739 originis
766 1646 888 1717 effe
902 1700 919 1725 ,
940 1660 1095 1716 tota
1119 1646 1224 1714 die
1249 1645 1606 1715 elamitem:
1627 1698 1646 1724 ,

184 1745 351 1816 nihil
381 1743 643 1819 dicant,
678 1763 817 1830 quo
839 1737 1083 1805 eruditi
1112 1735 1290 1804 orbis
1306 1735 1639 1805 informa-

182 1842 359 1904 tioni
423 1849 625 1921 atque
687 1827 1002 1898 defiderio
1062 1825 1358 1894 satisfieri
1402 1825 1638 1912 poffit,

178 1920 756 2013 quandoquidem,
779 1916 964 1984 hunc
989 1919 1058 1982 in
1081 1913 1371 1981 modum
1399 1913 1636 1982 delusu

178 2027 443 2081 naturae
466 2012 651 2097 loqui
673 2006 859 2073 velle,
884 2004 1049 2073 nihil
1075 2002 1256 2070 aliud
1283 2005 1399 2070 est,
1427 2011 1637 2091 quarn

177 2103 366 2168 suam
384 2102 570 2189 ipfius
586 2095 893 2166 confiteri
908 2090 1464 2183 ignorantiam.N
1474 2113 1641 2183 eque

180 2198 386 2258 etiam
427 2196 856 2277 ignoramus,
903 2182 1149 2272 lapides
1186 2178 1645 2250 Florentino&

181 2287 250 2347 in
271 2279 508 2368 quibus
539 2278 760 2363 figurae
801 2272 1124 2342 arborum
1145 2312 1164 2340 2
1210 2270 1598 2359 plantarum
1621 2310 1642 2338 ,

175 2377 438 2436 areium
471 2409 490 2436 ‚
536 2371 829 2434 turrium
871 2360 1284 2451 quandoque
1334 2356 1639 2427 Geome-

177 2465 362 2526 tricae
376 2459 903 2548 conspiciuntur,
934 2476 1058 2542 pro
1074 2450 1216 2517 lusu
1242 2461 1504 2516 naturae
1518 2449 1641 2518 ha-

176 2559 376 2630 buiffe
393 2547 582 2634 dela
599 2543 770 2661 Fay
784 2560 841 2626 in
855 2557 1089 2651 Histoir.
1106 2558 1173 2622 de
1186 2558 1219 2622 l'
1232 2555 1423 2632 Acad.
1440 2557 1634 2639 Royal.

1532 2655 1633 2718 des
