2105 3060
705 205 829 273 45
902 203 1007 271 )0(
1083 200 1202 268 u-
1601 210 1689 267 εν

302 303 707 396 Hypothefis
721 301 867 368 haec
891 300 1013 366 est:
1050 298 1297 365 Semen
1309 286 1593 359 senfibile
1609 291 1679 362 &

208 398 591 468 formatum
615 395 989 457 viventium
1014 392 1443 453 marinorum
1459 420 1479 447 ,
1512 402 1679 449 cum

209 506 495 573 parvum
521 483 596 547 fit
620 480 684 546 &
711 477 852 543 leve
881 527 898 552 ,
945 475 1049 542 vel
1074 480 1285 540 ctiam
1318 469 1680 539 insensibile

209 578 272 645 ὅ(
307 594 455 642 non
481 569 866 638 formatum
892 570 963 634 in
979 560 1277 652 partibus
1303 577 1681 645 corporum

205 665 735 735 demortuorum
779 652 1007 721 adhuc
1037 650 1348 719 reli&um
1375 698 1394 724 ,
1439 659 1563 713 aut
1610 652 1682 713 in

208 753 345 843 ipsa
369 747 727 818 mucedine
755 748 1052 832 partium
1083 740 1224 822 jam
1310 735 1686 804 umefacta-

209 864 368 912 rum
398 837 706 927 superstes
740 833 901 901 hinc
938 828 1094 898 inde
1134 849 1242 897 me
1298 835 1483 893 'rante
1506 832 1701 891 aeres

208 929 566 1020 vaporibus
593 925 657 992 δι
684 941 862 1013 aqua
889 919 1017 988 levi
1044 923 1326 1004 negotio
1367 913 1692 991 elevatur,

209 1023 275 1091 δε
309 1041 423 1109 per
441 1025 711 1105 apertos
736 1025 930 1079 testae
945 1029 1148 1098 poros
1165 1002 1589 1075 diffunditur,
1614 1008 1690 1071 in

207 1109 649 1179 subterraneis
685 1122 847 1167 vero
886 1104 1136 1188 partim
1175 1094 1517 1162 mediante
1544 1091 1687 1177 ipso

208 1198 433 1269 calore
456 1191 889 1259 subterraneo
910 1226 931 1253 ‚
955 1191 1204 1276 partim
1235 1179 1556 1250 halitibus
1600 1178 1687 1251 ab

211 1305 388 1378 aqua
400 1282 848 1352 subterranea,
864 1276 1138 1364 aliisque
1152 1270 1516 1341 latentibus
1542 1268 1691 1336 suc-

211 1383 308 1444 cis
337 1369 790 1454 fluoribusque
814 1360 1196 1430 excitatis‚e
1215 1365 1389 1427 mari
1411 1358 1692 1445 aliisque

211 1467 402 1534 locis,
427 1465 502 1527 in
523 1457 763 1547 quibus
792 1449 1154 1521 delitescit,
1200 1446 1572 1522 attollitur,
1618 1448 1685 1515 ὅτ.

211 1574 329 1644 per
350 1550 618 1619 hiantes
658 1543 1125 1612 subterraneos
1159 1550 1354 1606 terrae
1390 1550 1695 1604 meatu&

212 1643 535 1713 ,saxorum
577 1633 825 1704 fissuras
851 1682 870 1709 ,
919 1632 1280 1701 stratorum
1334 1646 1417 1693 ue
1460 1632 1690 1715 pervia

213 1734 560 1801 foramina
581 1722 990 1793 distribuitur
1012 1771 1028 1796 ‚
1064 1724 1162 1788 ita
1188 1731 1267 1785 ut
1321 1720 1524 1804 aepius
1562 1713 1689 1782 tali

217 1820 433 1891 modo
461 1814 548 1885 ad
580 1819 915 1884 extimam
931 1824 1126 1878 terrae
1142 1804 1551 1894 superficiem
1568 1823 1686 1891 pe-

216 1921 461 1982 netret,
475 1900 856 1992 usquedum
883 1906 952 1968 in
978 1900 1105 1987 aliq
1118 1917 1281 1966 uam
1309 1912 1689 1979 congruam

219 2003 581 2067 matricem
615 1999 795 2059 intra
824 2003 1104 2058 terram,
1120 1985 1221 2054 vel
1238 1989 1532 2051 etiamin
1546 1984 1685 2066 ejus

219 2087 555 2179 superficie
586 2081 977 2151 existentem
1006 2074 1292 2145 incidat·
1328 2080 1438 2141 cui
1466 2072 1555 2141 ob
1586 2079 1689 2138 in-

220 2193 470 2247 natum
495 2176 1030 2260 magnetismum
1061 2171 1301 2234 intime
1321 2169 1558 2230 unitur
1583 2161 1691 2226 fir-

223 2274 555 2354 miterque
569 2257 1112 2331 adhae1·et‚d0nec
1127 2252 1489 2323 accedente
1508 2249 1694 2317 calo-

223 2378 292 2427 re
308 2355 745 2424 subterraneo
770 2349 986 2418 latens
1012 2347 1279 2415 seminis
1303 2348 1398 2407 vis
1427 2340 1694 2430 plastica

224 2453 579 2523 excitetur,
599 2445 1092 2525 materiamque
1108 2429 1381 2501 fluidam
1402 2448 1693 2519 propor·

223 2543 567 2606 tionatam
586 2530 929 2602 mediante
942 2527 1169 2613 spiritu
1182 2520 1511 2610 lapidifico
1527 2536 1691 2585 cum

227 2646 406 2718 aura¹
418 2620 720 2698 seminali
733 2619 912 2712 quas]
928 2613 1346 2772 idesstificato
1360 2611 1590 2763 talite}
1600 2603 1693 2672 ef.

1140 2721 1176 2775 2
1583 2713 1690 2762 or-
