2105 3060
465 161 533 212 16
899 169 1043 238 ὥς
1125 174 1243 244 )0(
1318 180 1456 246 So·

458 246 816 320 dubitante
839 258 1051 342 gressu
1090 267 1327 335 timide
1354 274 1781 360 progrediens
1808 282 1924 352 ali-

460 359 669 426 quem
683 344 965 416 tandem
979 358 1258 424 invenit,
1273 367 1385 445 qui
1398 368 1518 430 viae
1538 375 1749 455 magis
1761 394 1925 458 gna-

460 448 578 494 rus
595 428 660 497 &
683 434 871 504 rea-0
898 449 1174 512 tramite
1211 467 1372 516 eum
1398 450 1722 527 hactenus
1747 462 1923 531 ivisse

457 512 751 595 docee&
776 525 1033 597 strenue
1049 554 1315 622 pergere
1326 536 1527 620 jubet.
1543 540 1594 608 Ρ
1599 554 1738 615 aria
1752 552 1923 620 mihi

459 605 780 688 accidisse,
797 636 879 682 ex
896 621 1038 708 ipfis
1059 627 1162 690 his
1178 666 1194 692 ,
1210 648 1375 714 quas
1391 651 1688 704 annexas
1715 640 1921 711 vides,

455 693 666 764 literis
689 707 988 774 constare
1014 716 1251 798 potest,
1272 724 1513 809 quippe
1540 731 1652 812 qui
1686 749 1802 815 per
1821 732 1919 802 sat

458 782 746 875 longum
776 806 1101 887 temporis
1118 803 1402 890 spatium
1429 813 1616 881 recto
1639 818 1914 905 quidem

460 882 758 947 tramite,
785 882 893 953 sed
923 891 1282 961 vacillante
1321 899 1503 986 passu
1557 902 1917 979 decurrens

457 960 754 1052 aliquem
779 975 1058 1044 tandem
1087 984 1323 1053 nactus
1354 987 1531 1066 sum,
1582 1002 1696 1081 qui
1730 1003 1912 1067 timi-

455 1048 656 1120 ditati
703 1080 874 1127 meae
916 1070 1251 1138 consuluit
1277 1115 1295 1140 ,
1337 1077 1400 1144 ἃ
1429 1101 1539 1144 me
1561 1102 1707 1150 non
1735 1090 1915 1155 recte

455 1150 734 1212 tantum
761 1150 1124 1222 ambulasse
1149 1159 1447 1232 edocuit,
1473 1167 1578 1236 sed
1595 1169 1682 1238 ἃ,
1698 1187 1775 1240 ut
1788 1178 1918 1266 ipse

452 1226 522 1296 id
542 1231 991 1310 resciscerem,
1023 1245 1257 1316 effecit.
1307 1248 1463 1323 Tuo
1487 1262 1731 1349 itaque,
1751 1263 1816 1332 L.
1840 1265 1915 1335 Β.

455 1320 1220 1417 conspeetuiexpofitam
1244 1339 1354 1408 hic
1370 1344 1549 1412 vides
1581 1348 1719 1416 Viri
1731 1353 1918 1421 Cele-

452 1404 726 1479 berrimi
742 1418 1100 1504 epistolam,
1118 1424 1375 1513 plenius
1398 1431 1675 1504 forfitan
1693 1438 1913 1511 decla-

965 1995 1387 2047 DOMINO

447 2061 857 2154 EBERH.
919 2064 1362 2157 FRIDER.
1430 2071 1912 2191 HIEME&

712 2188 759 2240 S.
783 2181 969 2239 Theoi.
998 2184 1222 2241 Doaori
1255 2190 1305 2244 C
1312 2190 1640 2262 eleberrImO,

500 2256 642 2313 Seren.
657 2258 887 2309 Wirtemb.
906 2261 1035 2308 Ducis
1056 2260 1311 2321 Confiliario,
1330 2268 1377 2314 δε
1393 2268 1686 2318 Concionatori
1698 2273 1841 2322 Aulico

1093 2330 1136 2374 S.
1165 2333 1193 2370 P
1221 2333 1275 2377 D,

532 2379 740 2464 JOH.
767 2383 1160 2470 JACOssuS
1198 2390 1812 2469 SCHEUCHZER.

446 2478 597 2581 EO
619 2488 888 2589 vivimus
916 2487 1136 2578 seculo,
1183 2512 1310 2595 quo¹
1328 2497 1607 2563 veritates
1646 2501 1705 2566 in
1749 2500 1904 2568 omni

565 2571 932 2666 fiienttarum
944 2603 1158 2670 genere
1163 2582 1410 2671 plurimae
1434 2611 1465 2654 e
1475 2584 1757 2678 prcffundo
1785 2614 1902 2747 ’ΖΞ
