2105 3060
432 173 464 226 8
890 157 1387 226 ⁴05)0(Sfl·

410 267 659 345 *busea
700 252 1032 346 praecipue
1077 252 1443 341 specim-ina
1489 277 1907 328 annumero,

433 373 581 444 quae
595 351 640 419 a
654 346 874 415 Celeb.
913 343 1000 413 D.
1022 345 1413 413 Scheuchzero
1426 385 1448 413 ,
1477 345 1903 418 solertiffimo

433 461 664 513 rerum
699 435 1119 505 naturalium
1135 435 1564 524 indagatore,
1589 438 1906 525 accepisse

435 553 547 600 me
563 532 872 597 memini,
894 525 1085 612 cujus
1102 526 1165 594 ὅ(
1191 524 1607 613 diligentiam
1633 529 1695 596 δε
1734 528 1907 611 judi-

439 629 525 689 cii
551 620 944 686 felicitatem
973 621 1045 681 in
1085 614 1222 683 hoc
1259 617 1629 684 studiorum
1663 638 1905 703 genere

442 713 505 779 δι
537 708 864 778 ὴειᾶεηυε
878 702 1145 772 abunde
1170 703 1545 772 admiratus
1567 705 1685 773 fui,
1713 708 1776 775 δι
1810 707 1904 773 sa-

439 806 527 868 tis
569 794 888 866 admirari
915 813 1202 881 nequeo,
1237 799 1344 860 cui
1369 793 1432 862 ἃ
1458 806 1650 861 totus
1675 793 1908 862 Erudi-

443 889 680 959 torum
696 885 877 954 orbis
899 888 968 950 in
985 881 1360 952 enodandis
1379 882 1609 951 multis
1624 882 1908 959 difficul-

443 979 720 1047 tatibus,
761 982 832 1040 in
875 972 1014 1040 hoc
1073 970 1448 1040 studiorum
1487 993 1727 1062 genere
1758 994 1904 1054 non

444 1059 1003 1153 infrequentibus,
1034 1063 1334 1129 summas
1356 1061 1553 1129 debet
1567 1061 1905 1151 habetque

488 1161 714 1225 satias·

443 1180 485 1244 g
596 1239 725 1314 Sed
750 1260 873 1309 nec
889 1236 1126 1306 Patriae
1143 1257 1333 1305 meae,
1346 1251 1417 1306 at
1438 1257 1645 1328 quam
1664 1236 1905 1312 dulcis!

444 1329 735 1402 oblivisci
760 1351 870 1396 me
885 1329 984 1396 fas
999 1329 1106 1395 est,
1143 1334 1384 1416 quippe
1400 1349 1550 1414 quae
1565 1327 1729 1394 tales
1744 1327 1906 1394 hine

443 1421 602 1489 inde
622 1425 884 1489 amicos
915 1415 1084 1483 mihi
1108 1428 1394 1504 peperit,
1424 1436 1720 1502 quorum
1736 1419 1906 1502 pari-

444 1527 549 1580 ter
571 1510 900 1580 facilitati,
935 1506 1213 1574 solertiae
1241 1519 1444 1590 atque
1469 1502 1909 1591 promtitudi-

448 1606 521 1670 ni
558 1598 743 1669 haud
775 1596 931 1664 sane
960 1614 1178 1684 pauca
1203 1616 1317 1663 me
1344 1590 1616 1662 debere,
1644 1591 1904 1680 publice

446 1691 559 1759 hie
582 1689 898 1757 testatum
926 1685 1130 1754 facio·

598 1778 730 1866 ipsa
772 1781 955 1842 enim
986 1769 1546 1860 Wirtembergia‚
1589 1791 1736 1859 quae
1750 1769 1912 1838 alias

452 1867 662 1958 Regio
699 1868 785 1934 est
825 1860 1248 1930 fertilissima,
1288 1861 1491 1929 habet
1526 1859 1675 1928 suos
1705 1883 1907 1927 mon-

452 1974 586 2038 te3‚
617 1957 852 2025 colles,
880 1949 1104 2020 valles,
1148 1969 1417 2017 amnes,
1451 1970 1648 2035 agros
1683 1948 1909 2037 lapidi-
2019 2002 2027 2012 .

450 2048 601 2123 buS,
630 2051 729 2112 uti
761 2039 1137 2129 vulgaribus
1164 2059 1416 2128 magna
1448 2044 1518 2105 in
1542 2044 1768 2127 copia,
1815 2044 1911 2103 ita

453 2143 661 2204 etiam
688 2135 980 2221 figuratis
1016 2129 1127 2197 hie
1158 2128 1244 2196 ibi
1283 2129 1586 2196 refertos.
1669 2125 1908 2194 Restis-

453 2221 608 2293 sime
624 2219 904 2316 proinde
919 2223 1255 2284 Mercator:
1271 2218 1381 2285 ubi
1397 2217 1742 2286 Neccarus
1759 2255 1776 2279 ‚
1794 2221 1909 2280 ait,

452 2322 521 2383 in
540 2313 926 2402 campestria
959 2303 1375 2375 diffunditur,
1398 2322 1546 2374 tota
1557 2303 1734 2370 felix,
1753 2324 1858 2371 to-
1873 2343 1912 2379 ,2

456 2419 528 2472 ta
539 2404 735 2472 beata
748 2402 864 2470 est:
891 2393 1185 2486 undique
1202 2394 1449 2464 Bacchi
1466 2392 1690 2462 colles,
1705 2394 1852 2461 her-
1867 2432 1908 2458 „

455 2491 607 2559 bida
620 2498 828 2583 prata,
857 2485 1100 2556 fertiles
1112 2490 1274 2571 agri,
1301 2481 1604 2574 copiosus
1619 2482 1862 2570 ubique
1876 2532 1910 2557 ‚,

456 2588 592 2652 vini
618 2634 636 2662 ,
662 2581 989 2651 frumenti
1027 2592 1530 2663 pomorumque
1568 2593 1852 2659 proven-
1872 2610 1913 2636 „

1803 2676 1914 2727 tus
