2105 3060
407 187 478 234 ιο
873 173 995 242 «06
1066 169 1173 239 )0(
1234 172 1368 240 ἐὺ

406 283 560 346 mis,
580 275 718 343 alta
736 287 967 343 mente
981 276 1276 366 repostus
1293 274 1615 345 manebit.
1690 278 1876 350 Alio-

406 390 565 434 rum
578 365 681 433 vel
698 363 1014 434 locorum
1036 372 1105 434 in
1118 364 1254 434 hoc
1269 386 1509 453 genere
1523 367 1877 438 abundan-

407 462 605 547 tiam,
653 453 755 522 vel
769 460 1159 524 amicorum
1177 456 1565 524 industriam
1579 456 1879 546 pluribus

411 563 969 616 commemorare
1020 543 1161 629 jam
1199 566 1347 612 non
1378 551 1647 615 attinet.
1732 545 1784 614 F
1787 571 1879 618 oe-

411 632 828 727 cundiffima‘
846 653 1001 702 vera
1017 639 1340 702 omnium
1360 636 1883 722 atquepraestan-

409 724 657 793 tiffima
684 725 869 808 regio
907 741 986 791 ea
1035 721 1206 790 mihi
1248 721 1514 791 videtur
1538 724 1662 792 esse
1685 774 1702 799 ‚
1733 746 1884 812 quae

412 813 716 881 milliaris
733 817 998 879 circiter
1010 811 1224 902 spatio
1235 809 1727 902 balneumBollens
1713 838 1743 879 e
1758 819 1885 881 cir-

416 903 778 987 cumiacet‚
816 899 1120 990 lapidum
1145 914 1294 968 tam
1311 901 1888 987 figuratorumva-

412 998 492 1060 rii
520 997 776 1081 generis
791 1042 808 1069 ,
843 1014 1050 1081 quam
1069 1035 1072 1037 Α
1090 988 1379 1059 fiffilium
1403 997 1473 1058 in
1503 990 1711 1079 specie
1733 1011 1882 1060 rna-

420 1101 555 1169 gna
586 1089 787 1168 copia
812 1078 1186 1146 abundans,
1298 1077 1650 1166 Reperitur
1677 1086 1889 1149 etiam

417 1167 909 1259 propeOmbdam
923 1187 1174 1256 pagum
1190 1162 1428 1234 fodina
1440 1165 1730 1236 fiffilium
1744 1190 1893 1238 non
2006 1206 2010 1212 ·

420 1258 786 1329 mediocris
805 1254 1288 1346 profunditatis
1317 1255 1380 1323 &
1397 1254 1793 1336 latitudiniS‚
1816 1263 1891 1327 in

423 1370 560 1437 qua
587 1349 731 1416 haec
749 1347 901 1435 ipsa,
926 1347 1117 1431 cujus
1142 1342 1430 1430 effigiem
1458 1350 1530 1411 in
1553 1346 1780 1415 fronte
1793 1354 1887 1415 vi-

419 1438 596 1506 disti,
625 1435 858 1504 tabula
885 1434 1016 1501 fuit
1044 1448 1327 1521 reperta.
1420 1431 1571 1516 Jam
1596 1455 1759 1503 vero
1796 1435 1899 1502 fa-

425 1528 549 1597 cile
574 1524 852 1615 quidem
884 1521 1208 1610 intelligo,
1239 1518 1457 1591 multa
1479 1522 1660 1591 forte
1685 1544 1896 1613 eaque

430 1618 632 1705 longe
656 1619 916 1682 rariora
943 1612 1306 1702 specimina
1338 1616 1411 1678 in
1432 1615 1575 1682 aliis
1608 1612 1770 1682 hinc
1795 1620 1899 1680 in-

425 1706 508 1774 de
535 1703 784 1774 Museis
812 1699 1115 1771 asservari
1138 1737 1155 1784 ;
1199 1722 1361 1769 cum
1393 1715 1633 1770 tamen
1660 1722 1701 1769 a
1724 1700 1899 1770 Viris

433 1793 743 1866 eruditis,
787 1790 1029 1882 quibus
1071 1791 1133 1858 ὅ(
1169 1811 1410 1880 agrum
1445 1788 1903 1859 Wirtember-

433 1893 660 1975 gicum
688 1900 1036 1972 peragrare
1061 1879 1346 1971 placuit,
1399 1880 1464 1949 ἃ
1491 1879 1904 1950 colle&anea

436 1996 592 2043 mea
620 1988 770 2042 tam
798 1979 870 2040 in
884 1968 1100 2040 studio
1128 1967 1666 2047 Numismatico,
1689 1988 1901 2059 quam

438 2062 898 2152 Lithologico‚
926 2060 1309 2147 perlustrare
1326 2058 1511 2128 haud
1539 2078 1735 2145 grave
1751 2058 1901 2126 fuit,

437 2174 521 2222 eo
558 2153 802 2220 fuerim
838 2149 1245 2225 stimulatus,
1277 2163 1356 2216 ut
1389 2149 1693 2219 tabulam
1722 2146 1904 2215 hanc

436 2240 737 2312 sciffilem
765 2246 878 2307 aeri
908 2235 1413 2326 insculpendam
1449 2256 1782 2306 curarem,
1806 2237 1906 2304 fa-

440 2333 638 2401 cilem
666 2330 826 2399 huic
853 2327 1317 2398 admonitioni
1341 2349 1455 2396 me
1488 2323 1906 2394 exhibiturus

443 2435 798 2510 pertenues
826 2437 1012 2487 meas
1039 2415 1545 2485 meditationes,
1567 2414 1807 2503 quidve
1823 2437 1906 2482 ex

444 2512 584 2595 ejus
610 2508 1147 2578 consideratione
1185 2511 1258 2573 in
1286 2503 1496 2575 studio
1533 2503 1910 2592 Lithologi-

442 2623 532 2671 co
559 2599 995 2690 profecerim,
1017 2594 1297 2686 adjicere
1331 2594 1555 2668 nullus
1591 2593 1908 2753 dubitaxgit.
