2105 3060
441 198 512 256 28
925 194 1052 263 ⁴05
1125 193 1253 266 30(
1328 195 1448 263 50·

439 293 731 362 formet,
778 305 982 382 atque
1024 301 1097 364 in
1121 297 1255 364 tale
1286 320 1532 388 corpus
1574 299 1916 390 lapideum

439 383 627 469 figat,
674 382 867 468 quaie
897 389 969 452 in
1014 391 1186 453 mari
1219 386 1256 451 ὲ
1302 396 1591 458 materia
1630 395 1914 462 testacea

397 493 400 497 ·
436 470 882 559 produxisset,
933 473 1181 564 duplici
1225 489 1463 544 tamen
1499 478 1912 565 discrimine3

435 567 662 648 primo
687 562 981 647 quidem,
1004 564 1192 654 quod
1222 566 1653 654 probabiliter
1680 577 1751 638 in
1780 571 1911 641 hac

436 658 879 736 generatione
911 652 1190 741 lapidea,
1216 657 1258 721 fi
1282 660 1590 743 requisita
1607 667 1909 729 materiae

432 743 780 827 quantitas
796 741 1186 809 adfit‚brevi
1220 753 1550 832 temporis
1584 748 1796 836 spatio
1822 751 1907 818 ab

432 833 732 896 excitata
793 831 1049 898 latente
1090 851 1257 900 aura
1295 832 1613 903 seminali!
1643 844 1905 927 integra

431 916 660 985 forma
687 919 752 986 ἃ
783 926 1089 1010 corporis
1125 920 1343 990 moles
1367 924 1808 1012 producatur,
1831 936 1906 997 in

427 1013 821 1076 accretione
872 1026 1107 1079 autem
1144 1017 1428 1080 viventis
1464 1017 1760 1084 naturali
1806 1025 1902 1086 vis

427 1096 694 1182 plastica
747 1098 1095 1166 sueceffive
1130 1112 1408 1168 tantum
1455 1105 1781 1193 procedat
1811 1107 1903 1175 ob

427 1183 680 1251 diversa
724 1185 1089 1265 obstacula,
1121 1210 1270 1276 quae
1297 1191 1648 1280 copiosum
1685 1202 1901 1262 nutri-

429 1279 508 1339 tii
523 1272 699 1342 succi
722 1277 982 1345 fluxum
997 1275 1397 1363 impediunt,
1412 1280 1476 1350 &
1493 1294 1769 1351 tantum
1784 1306 1902 1374 pe-

425 1361 762 1431 detentim
789 1364 1302 1435 admittuntme
1326 1385 1738 1438 contentum
1751 1379 1899 1440 ani·-

425 1451 805 1522 malculum
849 1453 1196 1524 obruatur.
1335 1456 1650 1528 Secundo
1685 1481 1847 1530 vero
1875 1503 1897 1530 2

425 1539 615 1630 quod
650 1546 722 1608 in
773 1541 953 1611 difica
988 1564 1359 1631 corporum
1412 1545 1895 1619 efformatione

420 1630 650 1717 saepius
676 1637 886 1699 etiarn
916 1632 1139 1721 aliqua
1152 1632 1895 1710 determinatatantum

423 1725 734 1804 corporis
773 1727 1057 1789 viventis
1094 1744 1242 1809 pars
1268 1724 1552 1816 produci
1577 1727 1777 1817 posfit
1803 1730 1894 1796 se-

423 1806 731 1877 cundum
769 1809 1304 1882 determinatam
1340 1815 1606 1884 seminis
1632 1825 1892 1906 portio·

422 1919 607 1974 nem,
635 1899 737 1966 vel
794 1908 1097 1968 materiae
1151 1905 1341 1992 ipfius
1389 1904 1890 1995 dispofitionem

423 1985 876 2066 differentem,
908 1990 1096 2079 quod
1114 1997 1182 2060 in
1199 1994 1573 2062 viventibus
1598 2019 1745 2065 non
1769 1998 1891 2066 ob-

421 2075 761 2146 servatur,
809 2078 898 2146 ob
915 2101 1123 2167 quam
1151 2088 1493 2152 rationem
1532 2084 1889 2169 hujusmo-

420 2163 491 2229 di
512 2166 916 2255 imperfeffis
944 2170 1337 2259 corporibus
1375 2194 1533 2243 raro
1571 2174 1672 2242 vel
1706 2198 1885 2243 nun-

415 2273 628 2342 quam
655 2260 793 2322 vita
819 2265 1411 2331 communicatur,
1460 2286 1609 2354 quae
1633 2287 1668 2333 a
1692 2287 1887 2334 com-

415 2343 598 2429 pleta
649 2352 1149 2435 praecipuorum
1208 2357 1492 2420 viventis
1557 2354 1883 2425 viscerum

416 2432 743 2501 struflmra
793 2436 1125 2527 fluidaque
1165 2439 1464 2527 quadam
1517 2441 1882 2512 substantia

416 2520 605 2588 vitali
619 2521 732 2590 illa
756 2526 1199 2595 indesinenter
1225 2546 1617 2616 permeante
1631 2531 1881 2620 depen-

414 2605 550 2679 det.
641 2607 993 2692 Hactenus
1037 2621 1311 2712 Langius.
1381 2619 1728 2696 ponamus
1759 2641 1880 2691 au-

416 2738 420 2741 ·
1733 2726 1882 2787 tem
